<mx:record xmlns="http://www.w3.org/TR/xhtml1/strict" xmlns:mx="http://www.loc.gov/MARC21/slim" xmlns:xsi="http://www.w3.org/2001/XMLSchema-instance"><mx:leader>00000cz  a2200000n  45 0</mx:leader><mx:controlfield tag="001">oca01365401 </mx:controlfield><mx:controlfield tag="005">20080627071630.0</mx:controlfield><mx:controlfield tag="008">850819n| acannaabn          |a aaa     c</mx:controlfield><mx:datafield ind1=" " ind2=" " tag="010"><mx:subfield code="a">n  85813068</mx:subfield></mx:datafield><mx:datafield ind1=" " ind2=" " tag="040"><mx:subfield code="a">ICU</mx:subfield><mx:subfield code="b">eng</mx:subfield><mx:subfield code="c">ICU</mx:subfield><mx:subfield code="d">OCoLC</mx:subfield></mx:datafield><mx:datafield ind1="0" ind2=" " tag="100"><mx:subfield code="a">Theon,</mx:subfield><mx:subfield code="c">of Smyrna</mx:subfield></mx:datafield><mx:datafield ind1="0" ind2=" " tag="400"><mx:subfield code="a">Theōn,</mx:subfield><mx:subfield code="c">Smyrnaikos Platōnikos</mx:subfield></mx:datafield><mx:datafield ind1="1" ind2=" " tag="400"><mx:subfield code="a">Smyrnaikos Platōnikos, Theōn</mx:subfield></mx:datafield><mx:datafield ind1="1" ind2=" " tag="400"><mx:subfield code="a">Platōnikos, Theōn Smyrnaikos</mx:subfield></mx:datafield><mx:datafield ind1="0" ind2=" " tag="400"><mx:subfield code="a">Theon,</mx:subfield><mx:subfield code="c">Smyrnaeus Platonicus</mx:subfield></mx:datafield><mx:datafield ind1="1" ind2=" " tag="400"><mx:subfield code="a">Smyrnaeus Platonicus, Theon</mx:subfield></mx:datafield><mx:datafield ind1="1" ind2=" " tag="400"><mx:subfield code="a">Platonicus, Theon Smyrnaeus</mx:subfield></mx:datafield><mx:datafield ind1="0" ind2=" " tag="400"><mx:subfield code="a">Théon,</mx:subfield><mx:subfield code="c">de Smyrne</mx:subfield></mx:datafield><mx:datafield ind1="1" ind2=" " tag="400"><mx:subfield code="a">Smyrne, Théon de</mx:subfield></mx:datafield><mx:datafield ind1="1" ind2=" " tag="400"><mx:subfield code="a">Smyrna, Theon of</mx:subfield></mx:datafield><mx:datafield ind1="0" ind2=" " tag="400"><mx:subfield code="a">Theon,</mx:subfield><mx:subfield code="c">Smyrnaeus</mx:subfield></mx:datafield><mx:datafield ind1="1" ind2=" " tag="400"><mx:subfield code="a">Smyrnaeus, Theon</mx:subfield></mx:datafield><mx:datafield ind1="1" ind2=" " tag="400"><mx:subfield code="a">De Smyrne, Théon</mx:subfield></mx:datafield><mx:datafield ind1=" " ind2=" " tag="670"><mx:subfield code="a">LCCN 05-21735: His Theōnos Smyrnaiou Platōnikou tōn kata to mathēmatikon chrēsimōn eis tēn Platōnos anagnōsin, 1892</mx:subfield><mx:subfield code="b">(hdg.: Theon, of Smyrna; usage: Théon de Smyrne)</mx:subfield></mx:datafield><mx:datafield ind1=" " ind2=" " tag="670"><mx:subfield code="a">LC data base, 6-15-85</mx:subfield><mx:subfield code="b">(APIF hdg.: Theon, of Smyrna; APIF usage: Theon of Smyrna)</mx:subfield></mx:datafield><mx:datafield ind1=" " ind2=" " tag="670"><mx:subfield code="a">NUC</mx:subfield><mx:subfield code="b">(hdg.: Theon, of Smyrna; usage: Theōnos Smyrnaiou Platōnikou [in Greek]; Theonis Smyrnaei [in Latin]; Theonis Smyrnaei Platonici [in Latin])</mx:subfield></mx:datafield><mx:datafield ind1=" " ind2=" " tag="670"><mx:subfield code="a">OCD, 2nd ed.</mx:subfield><mx:subfield code="b">(Theon, of Smyrna; fl. A.D. 115-40)</mx:subfield></mx:datafield><mx:datafield ind1=" " ind2=" " tag="675"><mx:subfield code="a">Ency. brit. 15th ed.;</mx:subfield><mx:subfield code="a">Ency. amer. 1983.;</mx:subfield><mx:subfield code="a">Ency. brit. 11th ed.</mx:subfield></mx:datafield><mx:datafield ind1=" " ind2=" " tag="999"><mx:subfield code="a">3136</mx:subfield></mx:datafield></mx:record>